@InProceedings{Culpepper2010,
  author = {Culpepper, J. Shane and Navarro, Gonzalo and Puglisi, Simon J. and Turpin, Andrew},
  editor = {de Berg, Mark and Meyer, Ulrich},
  title = {Top-k Ranked Document Search in General Text Databases},
  booktitle = {Algorithms -- ESA 2010},
  year = {2010},
  publisher = {Springer Berlin Heidelberg},
  address = {Berlin, Heidelberg},
  pages = {194--205},
  isbn = {978-3-642-15781-3}
}

@inproceedings{Jacobson1989,
  author = {G. Jacobson},
  booktitle = {30th Annual Symposium on Foundations of Computer Science},
  title = {Space-efficient static trees and graphs},
  year = {1989},
  pages = {549-554},
  doi = {10.1109/SFCS.1989.63533},
  ISSN = {},
  month = {Oct}
}

@article{Gog2014,
  author = {Simon Gog and Matthias Petri},
  title = {Compact Indexes for Flexible Top-k Retrieval},
  journal = {CoRR},
  volume = {abs/1406.3170},
  year = {2014},
  url = {http://arxiv.org/abs/1406.3170},
  archivePrefix = {arXiv},
  eprint = {1406.3170},
  timestamp = {Wed, 07 Jun 2017 14:41:20 +0200},
  biburl = {http://dblp.org/rec/bib/journals/corr/GogP14},
  bibsource = {dblp computer science bibliography, http://dblp.org}
}

@inbook{Gog2015,
  author = {Simon Gog and Gonzalo Navarro},
  title = {Improved Single-Term Top-<italic>k</italic> Document Retrieval},
  booktitle = {2015 Proceedings of the Seventeenth Workshop on Algorithm Engineering and Experiments (ALENEX)},
  pages = {24-32},
  doi = {10.1137/1.9781611973754.3},
  URL = {http://epubs.siam.org/doi/abs/10.1137/1.9781611973754.3},
  eprint = {http://epubs.siam.org/doi/pdf/10.1137/1.9781611973754.3}
}

@article{Hon2014,
  author = {Hon, Wing-Kai and Shah, Rahul and Thankachan, Sharma V. and Vitter, Jeffrey Scott},
  title = {Space-Efficient Frameworks for Top-k String Retrieval},
  journal = {J. ACM},
  issue_date = {April 2014},
  volume = {61},
  number = {2},
  month = apr,
  year = {2014},
  issn = {0004-5411},
  pages = {9:1--9:36},
  articleno = {9},
  numpages = {36},
  url = {http://doi.acm.org/10.1145/2590774},
  doi = {10.1145/2590774},
  acmid = {2590774},
  publisher = {ACM},
  address = {New York, NY, USA},
  keywords = {String matching, document retrieval, top-k queries},
}

@article{McCreight1976,
  author = {McCreight, Edward M.},
  title = {A Space-Economical Suffix Tree Construction Algorithm},
  journal = {J. ACM},
  issue_date = {April 1976},
  volume = {23},
  number = {2},
  month = apr,
  year = {1976},
  issn = {0004-5411},
  pages = {262--272},
  numpages = {11},
  url = {http://doi.acm.org/10.1145/321941.321946},
  doi = {10.1145/321941.321946},
  acmid = {321946},
  publisher = {ACM},
  address = {New York, NY, USA},
}

@inproceedings{Muthukrishnan2002,
  author = {Muthukrishnan, S.},
  title = {Efficient Algorithms for Document Retrieval Problems},
  booktitle = {Proceedings of the Thirteenth Annual ACM-SIAM Symposium on Discrete Algorithms},
  series = {SODA '02},
  year = {2002},
  isbn = {0-89871-513-X},
  location = {San Francisco, California},
  pages = {657--666},
  numpages = {10},
  url = {http://dl.acm.org/citation.cfm?id=545381.545469},
  acmid = {545469},
  publisher = {Society for Industrial and Applied Mathematics},
  address = {Philadelphia, PA, USA},
}

@inproceedings{Navarro2012,
  author = {Navarro, Gonzalo and Nekrich, Yakov},
  title = {Top-k Document Retrieval in Optimal Time and Linear Space},
  booktitle = {Proceedings of the Twenty-third Annual ACM-SIAM Symposium on Discrete Algorithms},
  series = {SODA '12},
  year = {2012},
  location = {Kyoto, Japan},
  pages = {1066--1077},
  numpages = {12},
  url = {http://dl.acm.org/citation.cfm?id=2095116.2095200},
  acmid = {2095200},
  publisher = {Society for Industrial and Applied Mathematics},
  address = {Philadelphia, PA, USA},
} 

@article{Sadakane2007,
  title = {Succinct data structures for flexible text retrieval systems},
  journal = {Journal of Discrete Algorithms},
  volume = {5},
  number = {1},
  pages = {12 - 22},
  year = {2007},
  issn = {1570-8667},
  doi = {https://doi.org/10.1016/j.jda.2006.03.011},
  url = {http://www.sciencedirect.com/science/article/pii/S1570866706000141},
  author = {Kunihiko Sadakane},
  keywords = {Information retrieval, , Succinct data structures, Suffix trees, Inverted files}
}

@article{Ukkonen1995,
  author = {Ukkonen, E.},
  title = {On-line construction of suffix trees},
  journal = {Algorithmica},
  year = {1995},
  month = {Sep},
  day = {01},
  volume = {14},
  number = {3},
  pages = {249--260},
  issn = {1432-0541},
  doi = {10.1007/BF01206331},
  url = {https://doi.org/10.1007/BF01206331}
}

@inproceedings{Weiner1973,
  author = {Weiner, Peter},
  title = {Linear Pattern Matching Algorithms},
  booktitle = {Proceedings of the 14th Annual Symposium on Switching and Automata Theory (Swat 1973)},
  series = {SWAT '73},
  year = {1973},
  pages = {1--11},
  numpages = {11},
  url = {https://doi.org/10.1109/SWAT.1973.13},
  doi = {10.1109/SWAT.1973.13},
  acmid = {1441766},
  publisher = {IEEE Computer Society},
  address = {Washington, DC, USA},
}
